@article{silver2016mastering,
  title={Mastering the game of Go with deep neural networks and tree search},
  author={Silver, David and Huang, Aja and Maddison, Chris J and Guez, Arthur and Sifre, Laurent and van den Driessche, George and Schrittwieser, Julian and Antonoglou, Ioannis and Panneershelvam, Veda and Lanctot, Marc and others},
  journal={Nature},
  volume={529},
  number={7587},
  pages={484--489},
  year={2016},
  publisher={Nature Publishing Group}
}
@article{anderson2011robotics,
  title={Robotics competitions as benchmarks for AI research},
  author={Anderson, John and Baltes, Jacky and Cheng, Chi Tai},
  journal={The Knowledge Engineering Review},
  volume={26},
  number={01},
  pages={11--17},
  year={2011},
  publisher={Cambridge Univ Press}
}
@article{1_the_guardian_2014,
  author={Associated Pressed},
  publisher={The Guardian},
  title={Computer simulating 13-year-old boy becomes first to pass Turing test},
  url={http://www.theguardian.com/technology/2014/jun/08/super-computer-simulates-13-year-old-boy-passes-turing-test},
  year={2014}
}
@article{1_the_guardian_2016,
  author={McKie, Robin},
  publisher={The Guardian},
  title={http://www.theguardian.com/technology/2016/mar/13/alphago-google-lee-se-dol},
  url={http://www.theguardian.com/technology/2016/mar/13/alphago-google-lee-se-dol},
  urldate={2016-3-13},
  year={2016}
}
@article{1_nextweb_2016,
  author={Hussey, Matthew},
  publisher={The Next Web},
  title={AlphaGo’s victory means the world is about to change},
  url={http://thenextweb.com/insider/2016/03/13/alphagos-victory-means-world-change},
  urldate={2016-3-13},
  year={2016}
}
@article{1_newyorktimes_2011,
  author={Markoff, John},
  publisher={The New York Times},
  title={Computer Wins on ‘Jeopardy!’: Trivial, It’s Not},
  url={http://www.nytimes.com/2011/02/17/science/17jeopardy-watson.html},
  year={2011}
}
@book{edge2016what,
  title={What to Think About Machines That Think: Today's Leading Thinkers on the Age of Machine Intelligence},
  author={Brockman, John},
  year={2015},
  publisher={Edge.org}
}
@article{balch2002ten,
  title={Ten years of the AAAI mobile robot competition and exhibition},
  author={Balch, Tucker and Yanco, Holly},
  journal={AI Magazine},
  volume={23},
  number={1},
  pages={13},
  year={2002}
}
@article{glickman1995chess,
  title={Chess rating systems},
  author={Glickman, Mark E},
  journal={American Chess Journal},
  volume={3},
  number={59},
  pages={102},
  year={1995}
}
@misc{baltes2009hurocup,
  title={HUROCUP: General Laws of the Game 2008},
  author={Baltes, Jacky and Br{\"a}unl, Thomas},
  year={2009}
}
@article{genesereth2005general,
  title={General game playing: Overview of the AAAI competition},
  author={Genesereth, Michael and Love, Nathaniel and Pell, Barney},
  journal={AI magazine},
  volume={26},
  number={2},
  pages={62},
  year={2005}
}
@book{hayes1976world,
  title={The world computer chess championship, Stockholm 1974},
  author={Hayes, Jean E and Levy, David NL},
  year={1976},
  publisher={Edinburgh University Press}
}
@inproceedings{hayes1995turing,
  title={Turing test considered harmful},
  author={Hayes, Patrick and Ford, Kenneth},
  booktitle={IJCAI (1)},
  pages={972--977},
  year={1995}
}
@inproceedings{kitano1997robocup,
  title={Robocup: The robot world cup initiative},
  author={Kitano, Hiroaki and Asada, Minoru and Kuniyoshi, Yasuo and Noda, Itsuki and Osawa, Eiichi},
  booktitle={Proceedings of the first international conference on Autonomous agents},
  pages={340--347},
  year={1997},
  organization={ACM}
}
@misc{lecun1998mnist,
  title={The MNIST database of handwritten digits},
  author={LeCun, Yann and Cortes, Corinna and Burges, Christopher JC},
  year={1998}
}
@article{legg2007collection,
  title={A collection of definitions of intelligence},
  author={Legg, Shane and Hutter, Marcus and others},
  journal={Frontiers in Artificial Intelligence and applications},
  volume={157},
  pages={17},
  year={2007},
  publisher={IOS Press}
}
@article{littman20062006,
  title={The 2006 AAAI computer poker competition},
  author={Littman, Michael and Zinkevich, Martin},
  journal={ICGA Journal},
  volume={29},
  number={3},
  pages={166},
  year={2006}
}
@article{loebner2003home,
  title={Home page of the Loebner prize-the first Turing test},
  author={Loebner, Hugh},
  journal={Online unter http://www. loebner. net/Prizef/loebner-prize. html},
  year={2003}
}
@article{shieber1994lessons,
  title={Lessons from a restricted Turing test},
  author={Shieber, Stuart M},
  journal={arXiv preprint cmp-lg/9404002},
  year={1994}
}
@article{mahoney2006rationale,
  title={Rationale for a large text compression benchmark},
  author={Mahoney, Matt},
  journal={Retrieved (Aug. 20th, 2006) from: http://cs. fit. edu/mmahoney/compression/rationale. html},
  year={2006}
}
@article{1_the_newyorker_2015,
  author={Marcus, Gary},
  publisher={The New Yorker},
  title={What Comes After the Turing Test?},
  url={http://www.newyorker.com/tech/elements/what-comes-after-the-turing-test},
  year={2015}
}
@article{moor1976analysis,
  title={An analysis of the Turing test},
  author={Moor, James H},
  journal={Philosophical Studies},
  volume={30},
  number={4},
  pages={249--257},
  year={1976},
  publisher={Springer}
}
@article{moor2001status,
  title={The status and future of the Turing test},
  author={Moor, James H},
  journal={Minds and Machines},
  volume={11},
  number={1},
  pages={77--93},
  year={2001},
  publisher={Springer}
}
@article{russakovsky2015imagenet,
  title={Imagenet large scale visual recognition challenge},
  author={Russakovsky, Olga and Deng, Jia and Su, Hao and Krause, Jonathan and Satheesh, Sanjeev and Ma, Sean and Huang, Zhiheng and Karpathy, Andrej and Khosla, Aditya and Bernstein, Michael and others},
  journal={International Journal of Computer Vision},
  volume={115},
  number={3},
  pages={211--252},
  year={2015},
  publisher={Springer}
}
@article{occasional_pamphlet_2014,
  author={Shieber, Stuart M.},
  publisher={The Occasional Pamphlet},
  title={No, the Turing Test Has Not Been Passed},
  url={https://blogs.harvard.edu/pamphlet/2014/06/10/no-the-turing-test-has-not-been-passed/},
  year={2014}
}
@article{shieber2007turing,
  title={The Turing test as interactive proof},
  author={Shieber, Stuart M},
  journal={No{\^u}s},
  volume={41},
  number={4},
  pages={686--713},
  year={2007},
  publisher={Wiley Online Library}
}
@unnpublished{shieber2015,
  author={Shieber, Stuart M.},
  title={Principles for Designing an AI Competition, or Why the Turing Test Fails as an Inducement Prize},
  year={2015}
}
@article{turing1950computing,
  title={Computing machinery and intelligence},
  author={Turing, Alan M},
  journal={Mind},
  volume={59},
  number={236},
  pages={433--460},
  year={1950},
  publisher={JSTOR}
}
@article{you2015beyond,
  title={Beyond the Turing test},
  author={You, Jia},
  journal={Science},
  volume={347},
  number={6218},
  pages={116--116},
  year={2015},
  publisher={American Association for the Advancement of Science}
}
@book{gardner2011frames,
  title={Frames of mind: The theory of multiple intelligences},
  author={Gardner, Howard},
  year={2011},
  publisher={Basic books}
}
@article{visser2006g,
  title={g and the measurement of Multiple Intelligences: A response to Gardner},
  author={Visser, Beth A and Ashton, Michael C and Vernon, Philip A},
  journal={Intelligence},
  volume={34},
  number={5},
  pages={507--510},
  year={2006},
  publisher={Elsevier}
}
@phdthesis{heilman2011automatic,
  title={Automatic factual question generation from text},
  author={Heilman, Michael},
  year={2011},
  school={Carnegie Mellon University}
}
@inproceedings{ali2010automatic,
  title={Automatic Question Generation from Sentences: a Preliminary Approach},
  author={Ali, H and Chali, Y and Hasan, S},
  booktitle={Proceedings of the Conference on Traitement Automatique de la Langue Naturelle, Montreal, Canada},
  year={2010}
}
@inproceedings{mannem2010question,
  title={Question generation from paragraphs at UPenn: QGSTEC system description},
  author={Mannem, Prashanth and Prasad, Rashmi and Joshi, Aravind},
  booktitle={Proceedings of QG2010: The Third Workshop on Question Generation},
  pages={84--91},
  year={2010}
}
@inproceedings{xu2009automatic,
  title={Automatic question generation and answer judging: a q\&a game for language learning.},
  author={Xu, Yushi and Goldie, Anna and Seneff, Stephanie},
  booktitle={SLaTE},
  pages={57--60},
  year={2009}
}
@inproceedings{rus2011question,
  title={Question generation shared task and evaluation challenge: status report},
  author={Rus, Vasile and Piwek, Paul and Stoyanchev, Svetlana and Wyse, Brendan and Lintean, Mihai and Moldovan, Cristian},
  booktitle={Proceedings of the 13th European Workshop on Natural Language Generation},
  pages={318--320},
  year={2011},
  organization={Association for Computational Linguistics}
}
@inproceedings{kunichika2004automated,
  title={Automated question generation methods for intelligent English learning systems and its evaluation},
  author={Kunichika, Hidenobu and Katayama, Tomoki and Hirashima, Tsukasa and Takeuchi, Akira},
  booktitle={Proc. of ICCE},
  year={2004}
}
@inproceedings{piwek2008generating,
  title={Generating Questions: An Inclusive Characterization and a Dialogue-based Application},
  author={Piwek, Paul and Prendinger, Helmut and Hernault, Hugo and Ishizuka, Mitsuru},
  booktitle={online Proceedings of Workshop on the Question Generation Shared Task and Evaluation Challenge},
  year={2008},
  organization={Citeseer}
}
@article{taylor1953cloze,
  title={Cloze procedure: a new tool for measuring readability.},
  author={Taylor, Wilson L},
  journal={Journalism and Mass Communication Quarterly},
  volume={30},
  number={4},
  pages={415},
  year={1953},
  publisher={Association for Education in Journalism, etc.}
}
@article{graesser2005scaffolding,
  title={Scaffolding deep comprehension strategies through Point\&Query, AutoTutor, and iSTART},
  author={Graesser, Arthur C and McNamara, Danielle S and VanLehn, Kurt},
  journal={Educational psychologist},
  volume={40},
  number={4},
  pages={225--234},
  year={2005},
  publisher={Taylor \& Francis}
}
@inproceedings{walker2001spot,
  title={SPoT: A trainable sentence planner},
  author={Walker, Marilyn A and Rambow, Owen and Rogati, Monica},
  booktitle={Proceedings of the second meeting of the North American Chapter of the Association for Computational Linguistics on Language technologies},
  pages={1--8},
  year={2001},
  organization={Association for Computational Linguistics}
}
@article{mitkov2006computer,
  title={A computer-aided environment for generating multiple-choice test items},
  author={Mitkov, Ruslan and LE AN, HA and Karamanis, Nikiforos},
  journal={Natural Language Engineering},
  volume={12},
  number={02},
  pages={177--194},
  year={2006},
  publisher={Cambridge Univ Press}
}
@techreport{gates2008automatically,
  title={Automatically generating reading comprehension look-back strategy: Questions from expository texts},
  author={Gates, Donna M},
  year={2008},
  institution={DTIC Document}
}
@article{weizenbaum1966eliza,
  title={ELIZA—a computer program for the study of natural language communication between man and machine},
  author={Weizenbaum, Joseph},
  journal={Communications of the ACM},
  volume={9},
  number={1},
  pages={36--45},
  year={1966},
  publisher={ACM}
}
@incollection{wang2007automatic,
  title={Automatic question generation for learning evaluation in medicine},
  author={Wang, Weiming and Hao, Tianyong and Liu, Wenyin},
  booktitle={Advances in Web Based Learning--ICWL 2007},
  pages={242--251},
  year={2007},
  publisher={Springer}
}
@inproceedings{pal2010qgstec,
  title={Qgstec system description--juqgg: A rule based approach},
  author={Pal, Santanu and Mondal, Tapabrata and Pakray, Partha and Das, Dipankar and Bandyopadhyay, Sivaji},
  booktitle={Proceedings of QG2010: The Third Workshop on Ques-tion Generation},
  pages={76},
  year={2010}
}
@inproceedings{yao2010question,
  title={Question generation with minimal recursion semantics},
  author={Yao, Xuchen and Zhang, Yi},
  booktitle={Proceedings of QG2010: The Third Workshop on Question Generation},
  pages={68--75},
  year={2010},
  organization={Citeseer}
}
@inproceedings{vargaha,
  title={Le An Ha 2010 WLV: A Question Generation System for the QGSTEC 2010 Task B},
  author={Varga, Andrea},
  booktitle={Proceedings of QG2010: The Third Workshop on Question Generation},
  pages={80--83},
  year={2011}
}
@inproceedings{heilman2010extracting,
  title={Extracting simplified statements for factual question generation},
  author={Heilman, Michael and Smith, Noah A},
  booktitle={Proceedings of QG2010: The Third Workshop on Ques-tion Generation},
  pages={11},
  year={2010}
}
@inproceedings{heilman2010good,
  title={Good question! statistical ranking for question generation},
  author={Heilman, Michael and Smith, Noah A},
  booktitle={Human Language Technologies: The 2010 Annual Conference of the North American Chapter of the Association for Computational Linguistics},
  pages={609--617},
  year={2010},
  organization={Association for Computational Linguistics}
}
@article{collobert2011natural,
  title={Natural language processing (almost) from scratch},
  author={Collobert, Ronan and Weston, Jason and Bottou, L{\'e}on and Karlen, Michael and Kavukcuoglu, Koray and Kuksa, Pavel},
  journal={The Journal of Machine Learning Research},
  volume={12},
  pages={2493--2537},
  year={2011},
  publisher={JMLR. org}
}
@inproceedings{yao2014information,
  title={Information Extraction over Structured Data: Question Answering with Freebase.},
  author={Yao, Xuchen and Van Durme, Benjamin},
  booktitle={ACL (1)},
  pages={956--966},
  year={2014},
  organization={Citeseer}
}
@article{russell1995modern,
  title={A modern approach},
  author={Russell, Stuart and Norvig, Peter and Intelligence, Artificial},
  journal={Artificial Intelligence. Prentice-Hall, Egnlewood Cliffs},
  volume={25},
  pages={27},
  year={1995},
  publisher={Citeseer}
}
@article{searle1980minds,
  title={Minds, brains, and programs},
  author={Searle, John R},
  journal={Behavioral and brain sciences},
  volume={3},
  number={03},
  pages={417--424},
  year={1980},
  publisher={Cambridge Univ Press}
}
@article{gunderson1964vii,
  title={VII.—THE IMITATION GAME},
  author={Gunderson, Keith},
  journal={Mind},
  volume={73},
  number={290},
  pages={234--245},
  year={1964},
  publisher={Mind Assoc}
}
@inproceedings{hermann2015teaching,
  title={Teaching machines to read and comprehend},
  author={Hermann, Karl Moritz and Kocisky, Tomas and Grefenstette, Edward and Espeholt, Lasse and Kay, Will and Suleyman, Mustafa and Blunsom, Phil},
  booktitle={Advances in Neural Information Processing Systems},
  pages={1684--1692},
  year={2015}
}
@inproceedings{zelle1996learning,
  title={Learning to parse database queries using inductive logic programming},
  author={Zelle, John M and Mooney, Raymond J},
  booktitle={Proceedings of the national conference on artificial intelligence},
  pages={1050--1055},
  year={1996}
}
@inproceedings{cucerzan2005factoid,
  title={Factoid Question Answering over Unstructured and Structured Web Content.},
  author={Cucerzan, Silviu and Agichtein, Eugene},
  booktitle={TREC},
  volume={72},
  pages={90},
  year={2005}
}
@article{ferrucci2012introduction,
  title={Introduction to “this is watson”},
  author={Ferrucci, David A},
  journal={IBM Journal of Research and Development},
  volume={56},
  number={3.4},
  pages={1--1},
  year={2012},
  publisher={IBM}
}
@inproceedings{ravichandran2002learning,
  title={Learning surface text patterns for a question answering system},
  author={Ravichandran, Deepak and Hovy, Eduard},
  booktitle={Proceedings of the 40th annual meeting on association for computational linguistics},
  pages={41--47},
  year={2002},
  organization={Association for Computational Linguistics}
}
@article{kwok2001scaling,
  title={Scaling question answering to the web},
  author={Kwok, Cody and Etzioni, Oren and Weld, Daniel S},
  journal={ACM Transactions on Information Systems (TOIS)},
  volume={19},
  number={3},
  pages={242--262},
  year={2001},
  publisher={ACM}
}
@inproceedings{andrenucci2005automated,
  title={Automated question answering: Review of the main approaches},
  author={Andrenucci, Andrea and Sneiders, Eriks},
  booktitle={null},
  pages={514--519},
  year={2005},
  organization={IEEE}
}
@inproceedings{brill2001data,
  title={Data-Intensive Question Answering.},
  author={Brill, Eric and Lin, Jimmy J and Banko, Michele and Dumais, Susan T and Ng, Andrew Y and others},
  booktitle={TREC},
  volume={56},
  pages={90},
  year={2001}
}
@inproceedings{burger2001issues,
  title={Issues, tasks and program structures to roadmap research in question \& answering (Q\&A)},
  author={Burger, John and Cardie, Claire and Chaudhri, Vinay and Gaizauskas, Robert and Harabagiu, Sanda and Israel, David and Jacquemin, Christian and Lin, Chin-Yew and Maiorano, Steve and Miller, George and others},
  booktitle={Document Understanding Conferences Roadmapping Documents},
  pages={1--35},
  year={2001}
}
@article{hirschman2001natural,
  title={Natural language question answering: the view from here},
  author={Hirschman, Lynette and Gaizauskas, Robert},
  journal={natural language engineering},
  volume={7},
  number={4},
  pages={275--300},
  year={2001},
  publisher={Cambridge Univ Press}
}
@article{kolomiyets2011survey,
  title={A survey on question answering technology from an information retrieval perspective},
  author={Kolomiyets, Oleksandr and Moens, Marie-Francine},
  journal={Information Sciences},
  volume={181},
  number={24},
  pages={5412--5434},
  year={2011},
  publisher={Elsevier}
}
@inproceedings{soricut2004automatic,
  title={Automatic Question Answering: Beyond the Factoid.},
  author={Soricut, Radu and Brill, Eric},
  booktitle={HLT-NAACL},
  pages={57--64},
  year={2004}
}
@inproceedings{voorhees1999trec,
  title={The TREC-8 Question Answering Track Report.},
  author={Voorhees, Ellen M and others},
  booktitle={Trec},
  volume={99},
  pages={77--82},
  year={1999}
}
@inproceedings{dang2007overview,
  title={Overview of the TREC 2007 Question Answering Track.},
  author={Dang, Hoa Trang and Kelly, Diane and Lin, Jimmy J},
  booktitle={TREC},
  volume={7},
  pages={63},
  year={2007}
}
@article{androutsopoulos1995natural,
  title={Natural language interfaces to databases--an introduction},
  author={Androutsopoulos, Ion and Ritchie, Graeme D and Thanisch, Peter},
  journal={Natural language engineering},
  volume={1},
  number={01},
  pages={29--81},
  year={1995},
  publisher={Cambridge Univ Press}
}
@incollection{yampolskiy2013turing,
  title={Turing test as a defining feature of AI-completeness},
  author={Yampolskiy, Roman V},
  booktitle={Artificial intelligence, evolutionary computing and metaheuristics},
  pages={3--17},
  year={2013},
  publisher={Springer}
}
@inproceedings{bollacker2008freebase,
  title={Freebase: a collaboratively created graph database for structuring human knowledge},
  author={Bollacker, Kurt and Evans, Colin and Paritosh, Praveen and Sturge, Tim and Taylor, Jamie},
  booktitle={Proceedings of the 2008 ACM SIGMOD international conference on Management of data},
  pages={1247--1250},
  year={2008},
  organization={ACM}
}
@inproceedings{richardson2013mctest,
  title={MCTest: A Challenge Dataset for the Open-Domain Machine Comprehension of Text.},
  author={Richardson, Matthew and Burges, Christopher JC and Renshaw, Erin},
  booktitle={EMNLP},
  volume={1},
  pages={2},
  year={2013}
}
@article{weston2015towards,
  title={Towards ai-complete question answering: A set of prerequisite toy tasks},
  author={Weston, Jason and Bordes, Antoine and Chopra, Sumit and Mikolov, Tomas},
  journal={arXiv preprint arXiv:1502.05698},
  year={2015}
}
@article{sukhbaatar2015weakly,
  title={Weakly supervised memory networks},
  author={Sukhbaatar, Sainbayar and Szlam, Arthur and Weston, Jason and Fergus, Rob},
  journal={arXiv preprint arXiv:1503.08895},
  year={2015}
}
@article{singhal2012introducing,
  title={Introducing the knowledge graph: things, not strings},
  author={Singhal, Amit},
  journal={Official Google Blog, May},
  year={2012}
}
@misc{tsiao2007natural,
  title={Natural-language voice-activated personal assistant},
  author={Tsiao, James Chi-Shun and Chao, David Yinkai and Tong, Peter P},
  year={2007},
  month=may # "~8",
  publisher={Google Patents},
  note={US Patent 7,216,080}
}
@article{aron2011innovative,
  title={How innovative is Apple's new voice assistant, Siri?},
  author={Aron, Jacob},
  journal={New Scientist},
  volume={212},
  number={2836},
  pages={24},
  year={2011},
  publisher={Elsevier}
}
@techreport{winograd1971procedures,
  title={Procedures as a representation for data in a computer program for understanding natural language},
  author={Winograd, Terry},
  year={1971},
  institution={DTIC Document}
}
@article{bishop2010testing,
  title={Testing Turing's five minutes, parallel-paired imitation game},
  author={Bishop, Mark and Shah, Huma and Warwick, Kevin},
  journal={Kybernetes},
  volume={39},
  number={3},
  pages={449--465},
  year={2010},
  publisher={Emerald Group Publishing Limited}
}
@article{block1980intuitions,
  title={What intuitions about homunculi don't show},
  author={Block, Ned},
  journal={Behavioral and Brain Sciences},
  volume={3},
  number={03},
  pages={425--426},
  year={1980},
  publisher={Cambridge Univ Press}
}
@article{chelba2013one,
  title={One billion word benchmark for measuring progress in statistical language modeling},
  author={Chelba, Ciprian and Mikolov, Tomas and Schuster, Mike and Ge, Qi and Brants, Thorsten and Koehn, Phillipp and Robinson, Tony},
  journal={arXiv preprint arXiv:1312.3005},
  year={2013}
}
@article{marcus1993building,
  title={Building a large annotated corpus of English: The Penn Treebank},
  author={Marcus, Mitchell P and Marcinkiewicz, Mary Ann and Santorini, Beatrice},
  journal={Computational linguistics},
  volume={19},
  number={2},
  pages={313--330},
  year={1993},
  publisher={MIT Press}
}
@article{mnih2013playing,
  title={Playing atari with deep reinforcement learning},
  author={Mnih, Volodymyr and Kavukcuoglu, Koray and Silver, David and Graves, Alex and Antonoglou, Ioannis and Wierstra, Daan and Riedmiller, Martin},
  journal={arXiv preprint arXiv:1312.5602},
  year={2013}
}
@article{burrows2015eras,
  title={The eras and trends of automatic short answer grading},
  author={Burrows, Steven and Gurevych, Iryna and Stein, Benno},
  journal={International Journal of Artificial Intelligence in Education},
  volume={25},
  number={1},
  pages={60--117},
  year={2015},
  publisher={Springer}
}
@article{basu2013powergrading,
  title={Powergrading: a clustering approach to amplify human effort for short answer grading},
  author={Basu, Sumit and Jacobs, Chuck and Vanderwende, Lucy},
  journal={Transactions of the Association for Computational Linguistics},
  volume={1},
  pages={391--402},
  year={2013}
}
@book{bird2009natural,
  title={Natural language processing with Python},
  author={Bird, Steven and Klein, Ewan and Loper, Edward},
  year={2009},
  publisher={" O'Reilly Media, Inc."}
}
@inproceedings{heilman2013ets,
  title={ETS: Domain adaptation and stacking for short answer scoring},
  author={Heilman, Michael and Madnani, Nitin},
  booktitle={Proceedings of the 2nd joint conference on lexical and computational semantics},
  volume={2},
  pages={275--279},
  year={2013}
}
@article{li2006sentence,
  title={Sentence similarity based on semantic nets and corpus statistics},
  author={Li, Yuhua and McLean, David and Bandar, Zuhair A and O'shea, James D and Crockett, Keeley},
  journal={Knowledge and Data Engineering, IEEE Transactions on},
  volume={18},
  number={8},
  pages={1138--1150},
  year={2006},
  publisher={IEEE}
}
@inproceedings{mohler2011learning,
  title={Learning to grade short answer questions using semantic similarity measures and dependency graph alignments},
  author={Mohler, Michael and Bunescu, Razvan and Mihalcea, Rada},
  booktitle={Proceedings of the 49th Annual Meeting of the Association for Computational Linguistics: Human Language Technologies-Volume 1},
  pages={752--762},
  year={2011},
  organization={Association for Computational Linguistics}
}
@article{pedregosa2011scikit,
  title={Scikit-learn: Machine learning in Python},
  author={Pedregosa, Fabian and Varoquaux, Ga{\"e}l and Gramfort, Alexandre and Michel, Vincent and Thirion, Bertrand and Grisel, Olivier and Blondel, Mathieu and Prettenhofer, Peter and Weiss, Ron and Dubourg, Vincent and others},
  journal={The Journal of Machine Learning Research},
  volume={12},
  pages={2825--2830},
  year={2011},
  publisher={JMLR. org}
}
@inproceedings{pulman2005automatic,
  title={Automatic short answer marking},
  author={Pulman, Stephen G and Sukkarieh, Jana Z},
  booktitle={Proceedings of the second workshop on Building Educational Applications Using NLP},
  pages={9--16},
  year={2005},
  organization={Association for Computational Linguistics}
}
@inproceedings{sojka2010software,
  title={Software framework for topic modelling with large corpora},
  author={Sojka, Petr},
  booktitle={In Proceedings of the LREC 2010 Workshop on New Challenges for NLP Frameworks},
  year={2010},
  organization={Citeseer}
}
@inproceedings{sukkarieh2009c,
  title={c-rater: Automatic Content Scoring for Short Constructed Responses.},
  author={Sukkarieh, Jana Zuheir and Blackmore, John},
  booktitle={FLAIRS Conference},
  year={2009}
}
@book{fellbaum1998wordnet,
  title={WordNet},
  author={Fellbaum, Christiane},
  year={1998},
  publisher={Wiley Online Library}
}
@inproceedings{ziai2012short,
  title={Short answer assessment: Establishing links between research strands},
  author={Ziai, Ramon and Ott, Niels and Meurers, Detmar},
  booktitle={Proceedings of the Seventh Workshop on Building Educational Applications Using NLP},
  pages={190--200},
  year={2012},
  organization={Association for Computational Linguistics}
}
@article{karpov2013mean,
  title={The mean stack: Mongodb, expressjs, angularjs and node. js},
  author={Karpov, Valeri},
  journal={Tillg{\"a}nglig: http://blog. mongodb. org/post/49262866911/the-mean-stack-mongodb-expressjs-angularjs-and [Bes{\"o}kt: 2 juni 2015]},
  year={2013}
}
@article{rettig1994prototyping,
  title={Prototyping for tiny fingers},
  author={Rettig, Marc},
  journal={Communications of the ACM},
  volume={37},
  number={4},
  pages={21--27},
  year={1994},
  publisher={ACM}
}
@misc{carpenter2015cleverbot,
  title={Cleverbot [computer program]},
  author={Carpenter, R},
  year={2015}
}